@unpublished{unpub:imadls,
  author={De Nicolao G.},
  title={Appunti di identificazione dei modelli ed analisi dei dati},
  year={2010-2011},
}
@book{book:identificazioneparametrica,
  author={De Nicolao G., Scattolini R.},
  title={Identificazione Parametrica},
  year={1997},
  editor={CUSL},
}
@book{book:trasformataz,
  author={Codegone M.},
  title={Metodi matematici per l'ingegneria},
  year={2005},
  editor={Zanichelli},
}
